<record><leader>00000cas a22000001a 4500</leader><controlfield tag="001">33210081</controlfield><controlfield tag="007">hd afb---baca</controlfield><controlfield tag="007">hd bfb---baaa</controlfield><controlfield tag="008">950927d18901905ksuwr nea     0    0eng  </controlfield><controlfield tag="009">10519</controlfield><datafield ind1=" " ind2=" " tag="010"><subfield code="a">sn 94095393 </subfield></datafield><datafield ind1=" " ind2=" " tag="040"><subfield code="a">DLC</subfield><subfield code="b">eng</subfield><subfield code="c">RQM</subfield><subfield code="d">OCLCQ</subfield></datafield><datafield ind1=" " ind2=" " tag="012"><subfield code="i">9509</subfield></datafield><datafield ind1="1" ind2=" " tag="029"><subfield code="a">AU@</subfield><subfield code="b">000024887010</subfield></datafield><datafield ind1=" " ind2=" " tag="042"><subfield code="a">msc</subfield></datafield><datafield ind1=" " ind2=" " tag="043"><subfield code="a">n-us-ks</subfield></datafield><datafield ind1="0" ind2="0" tag="050"><subfield code="a">Microfilm 30594</subfield></datafield><datafield ind1="0" ind2=" " tag="130"><subfield code="a">Industrial advocate (Augusta, Kan.)</subfield></datafield><datafield ind1="0" ind2="4" tag="245"><subfield code="a">The industrial advocate</subfield><subfield code="h">[microform].</subfield></datafield><datafield ind1=" " ind2=" " tag="260"><subfield code="a">Augusta, Kan. :</subfield><subfield code="b">[s.n.],</subfield><subfield code="c">1890-1905.</subfield></datafield><datafield ind1=" " ind2=" " tag="300"><subfield code="a">15 v. :</subfield><subfield code="b">ill. ;</subfield><subfield code="c">60 cm.</subfield></datafield><datafield ind1=" " ind2=" " tag="310"><subfield code="a">Weekly</subfield></datafield><datafield ind1="0" ind2=" " tag="362"><subfield code="a">Vol. 1, no. 1 (Aug. 7, 1890)-v. 15, no. 44 (Apr. 21, 1905).</subfield></datafield><datafield ind1=" " ind2=" " tag="500"><subfield code="a">Published in El Dorado, Kan. Mar. 19, 1891-Apr. 21, 1905.</subfield></datafield><datafield ind1=" " ind2=" " tag="500"><subfield code="a">Published on Thursday.</subfield></datafield><datafield ind1=" " ind2=" " tag="500"><subfield code="a">Editor: Walter L. Holcomb.</subfield></datafield><datafield ind1=" " ind2=" " tag="550"><subfield code="a">Official organ of: The Farmer's Alliance and Industrial Unions of Butler County.</subfield></datafield><datafield ind1=" " ind2=" " tag="533"><subfield code="a">Microfilm.</subfield><subfield code="m">v.1-4 (1890[?]-Nov. 9,1893):[Gaps]</subfield><subfield code="b">Washington, D.C. :</subfield><subfield code="c">Library of Congress Preservation Microfilming Program :</subfield><subfield code="c">Available from Library of Congress Photoduplication Service.</subfield><subfield code="e">microfilm reels ; 35 mm.</subfield></datafield><datafield ind1="1" ind2=" " tag="700"><subfield code="a">Holcomb, Walter L.</subfield></datafield><datafield ind1=" " ind2=" " tag="752"><subfield code="a">United States</subfield><subfield code="b">Kansas</subfield><subfield code="c">Butler</subfield><subfield code="d">Augusta.</subfield></datafield><datafield ind1=" " ind2=" " tag="752"><subfield code="a">United States</subfield><subfield code="b">Kansas</subfield><subfield code="c">Butler</subfield><subfield code="d">El Dorado.</subfield></datafield><datafield ind1="1" ind2=" " tag="776"><subfield code="c">Original</subfield><subfield code="w">(DLC)sn 83040476</subfield></datafield><datafield ind1="0" ind2="5" tag="780"><subfield code="t">Butler County democrat (El Dorado, Kan. : 1889)</subfield><subfield code="g">Apr. 1891</subfield></datafield><datafield ind1="0" ind2="5" tag="780"><subfield code="t">Butler County citizen</subfield><subfield code="g">Jan. 1895</subfield></datafield><datafield ind1="0" ind2="0" tag="785"><subfield code="t">Advocate (El Dorado, Kan.)</subfield></datafield><datafield ind1=" " ind2=" " tag="850"><subfield code="a">DLC</subfield><subfield code="a">DLC (master)</subfield></datafield></record>